<record><leader>00000cas a22000007a 4500</leader><controlfield tag="001">21237956</controlfield><controlfield tag="008">900319d18811882gauwr ne      0    0eng d</controlfield><datafield ind1=" " ind2=" " tag="010"><subfield code="a">sn 88054104 </subfield></datafield><datafield ind1=" " ind2=" " tag="040"><subfield code="a">NLG</subfield><subfield code="b">eng</subfield><subfield code="c">NLG</subfield><subfield code="d">CNW</subfield><subfield code="d">OCLCQ</subfield><subfield code="d">GUA</subfield><subfield code="d">OCLCQ</subfield><subfield code="d">OCLCF</subfield><subfield code="d">OCLCO</subfield><subfield code="d">OCLCQ</subfield><subfield code="d">GUA</subfield></datafield><datafield ind1=" " ind2=" " tag="019"><subfield code="a">702679891</subfield></datafield><datafield ind1=" " ind2=" " tag="042"><subfield code="a">msc</subfield></datafield><datafield ind1=" " ind2=" " tag="043"><subfield code="a">n-us-ga</subfield></datafield><datafield ind1="0" ind2="0" tag="245"><subfield code="a">Southern weekly banner.</subfield></datafield><datafield ind1="1" ind2=" " tag="246"><subfield code="a">Weekly banner</subfield><subfield code="f">Aug. 23, 1881</subfield></datafield><datafield ind1="1" ind2=" " tag="246"><subfield code="a">Southern banner</subfield></datafield><datafield ind1=" " ind2=" " tag="260"><subfield code="a">Athens, Ga. :</subfield><subfield code="b">J.T. Waterman,</subfield><subfield code="c">1881-1882.</subfield></datafield><datafield ind1=" " ind2=" " tag="300"><subfield code="a">volumes</subfield></datafield><datafield ind1=" " ind2=" " tag="310"><subfield code="a">Weekly</subfield></datafield><datafield ind1=" " ind2=" " tag="336"><subfield code="a">text</subfield><subfield code="b">txt</subfield><subfield code="2">rdacontent</subfield></datafield><datafield ind1=" " ind2=" " tag="337"><subfield code="a">unmediated</subfield><subfield code="b">n</subfield><subfield code="2">rdamedia</subfield></datafield><datafield ind1=" " ind2=" " tag="338"><subfield code="a">volume</subfield><subfield code="b">nc</subfield><subfield code="2">rdacarrier</subfield></datafield><datafield ind1="0" ind2=" " tag="362"><subfield code="a">Vol. 65, no 42 (Aug. 23, 1881)-v. 66, no. 19 (Mar. 14, 1882).</subfield></datafield><datafield ind1=" " ind2=" " tag="530"><subfield code="a">Available on microfilm from University of Georgia Libraries.</subfield></datafield><datafield ind1=" " ind2="0" tag="651"><subfield code="a">Athens (Ga.)</subfield><subfield code="v">Newspapers.</subfield></datafield><datafield ind1=" " ind2="7" tag="651"><subfield code="a">Georgia</subfield><subfield code="z">Athens.</subfield><subfield code="2">fast</subfield><subfield code="0">(OCoLC)fst01208258</subfield></datafield><datafield ind1=" " ind2="7" tag="655"><subfield code="a">Newspapers.</subfield><subfield code="2">fast</subfield><subfield code="0">(OCoLC)fst01423814</subfield></datafield><datafield ind1=" " ind2=" " tag="752"><subfield code="a">United States</subfield><subfield code="b">Georgia</subfield><subfield code="c">Clarke</subfield><subfield code="d">Athens.</subfield></datafield><datafield ind1="0" ind2=" " tag="775"><subfield code="t">Athens daily banner (Athens, Ga. : 1879)</subfield><subfield code="w">(DLC)sn 89053946</subfield><subfield code="w">(OCoLC)21224934</subfield></datafield><datafield ind1="0" ind2="0" tag="780"><subfield code="t">Athens banner (Athens, Ga. : 1880)</subfield><subfield code="w">(DLC)sn 86090957</subfield><subfield code="w">(OCoLC)15229592</subfield></datafield><datafield ind1="0" ind2="7" tag="785"><subfield code="t">Southern watchman (Athens, Ga. : 1854)</subfield><subfield code="w">(DLC)sn 82014669</subfield><subfield code="w">(OCoLC)8807199</subfield></datafield><datafield ind1="0" ind2="7" tag="785"><subfield code="t">Banner-watchman (Athens, Ga. : 1882)</subfield><subfield code="w">(DLC)sn 88054100</subfield><subfield code="w">(OCoLC)21767142</subfield></datafield><datafield ind1="1" ind2=" " tag="029"><subfield code="a">AU@</subfield><subfield code="b">000020586241</subfield></datafield></record>